@book{Ern_Guermond-FEM-2004,
  author = {Ern, A. and Guermond, J.-L.},
  title = {{Theory and Practice of Finite Elements}},
  publisher = {Appl. Math. Sci. 159, Springer-Verlag, New York},
  year = {2004}
}
      